
@ELECTRONIC{wikiuno,
	author = {},
	year = {},
	title = {http://es.wikipedia.org/wiki/Anexo:Cronologia-de-las-pandemias}
}
@ELECTRONIC{blog,
	author = {},
	year = {},
	title = {http://matematicasjuliyully.blogspot.com.es/}
}

@MISC{hoja,
	author = {Mercedes Marin},
	year = {},
	title = {\textit{Hoja número 14. Propagación de una enfermedad infecciosa}}
}	
@ELECTRONIC{wikidos,
	author = {},
	year = {},
	title = {http://es.wikipedia.org/wiki/Función-logística}
}
@MISC{hoja2,
author = {Mercedes Marin},
year = {},
title = {\textit{Apuntes Tema 3:Resolución numérica de problemas de valores iniciales para EDOs.}}
}	
@ELECTRONIC{wikitres,
	author = {},
	year = {},
	title = {http://es.wikipedia.org/wiki/Enfermedad-por-el-virus-del-Ébola}
}
@ELECTRONIC{wikicuatro,
	author = {},
	year = {},
	title = {http://es.wikipedia.org/wiki/Epidemia-de-Ébola-de-2014-2015}
}
@ELECTRONIC{wikicinco,
	author = {},
	year = {},
	title = {http://es.wikipedia.org/wiki/Anexo:Cronología-de-la-epidemia-de-Ébola-de-2014}
}
@ELECTRONIC{oms,
	author = {},
	year = {},
	title = {http://www.who.int/csr/don/archive/disease/ebola/es/}
}

@ELECTRONIC{guinea,
	author = {},
	year = {},
	title = {http://es.wikipedia.org/wiki/Guinea}
}
@ELECTRONIC{sierraleona,
	author = {},
	year = {},
	title = {http://es.wikipedia.org/wiki/Sierra-Leona}
}
@ELECTRONIC{liberia,
	author = {},
	year = {},
	title = {http://es.wikipedia.org/wiki/Liberia}
}